
@article{palechor2019dataset,
  title={Dataset for estimation of obesity levels based on eating habits and physical condition in individuals from Colombia, Peru and Mexico},
  author={Palechor, Fabio Mendoza and de la Hoz Manotas, Alexis},
  journal={Data in brief},
  volume={25},
  pages={104344},
  year={2019},
  publisher={Elsevier}
}

@article{lanorma,
  title={NORMA Oficial Mexicana NOM-008-SSA3-2010, Para el tratamiento integral del sobrepeso y la obesidad. Al margen un sello con el Escudo Nacional, que dice: Estados Unidos Mexicanos.-Secretar{\'\i}a de Salud.},
  author={LA OBESIDAD, SOBREPESO Y and GENERAL, CONSEJO DE SALUBRIDAD},
  journal={Secretar{\'\i}a de Salud}
}

@article{kotsiantis2006handling,
  title={Handling imbalanced datasets: A review},
  author={Kotsiantis, Sotiris and Kanellopoulos, Dimitris and Pintelas, Panayiotis and others},
  journal={GESTS international transactions on computer science and engineering},
  volume={30},
  number={1},
  pages={25--36},
  year={2006}
}

@article{chawla2002smote,
  title={SMOTE: synthetic minority over-sampling technique},
  author={Chawla, Nitesh V and Bowyer, Kevin W and Hall, Lawrence O and Kegelmeyer, W Philip},
  journal={Journal of artificial intelligence research},
  volume={16},
  pages={321--357},
  year={2002}
}

@article{brown2012testing,
  title={Testing of the effect of missing data estimation and distribution in morphometric multivariate data analyses},
  author={Brown, Caleb Marshall and Arbour, Jessica H and Jackson, Donald A},
  journal={Systematic biology},
  volume={61},
  number={6},
  pages={941--954},
  year={2012},
  publisher={Oxford University Press}
}

@article{gower1971general,
  title={A general coefficient of similarity and some of its properties},
  author={Gower, John C},
  journal={Biometrics},
  pages={857--871},
  year={1971},
  publisher={JSTOR}
}

@article{bridges1966hierarchical,
  title={Hierarchical cluster analysis},
  author={Bridges Jr, Cecil C},
  journal={Psychological reports},
  volume={18},
  number={3},
  pages={851--854},
  year={1966},
  publisher={SAGE Publications Sage CA: Los Angeles, CA}
}

@article{reusova2018hierarchical,
  title={Hierarchical clustering on categorical data in R},
  author={Reusova, Anastasia},
  journal={Towards Data Science},
  volume={1},
  year={2018}
}