
@article{palechor2019dataset,
  title={Dataset for estimation of obesity levels based on eating habits and physical condition in individuals from Colombia, Peru and Mexico},
  author={Palechor, Fabio Mendoza and de la Hoz Manotas, Alexis},
  journal={Data in brief},
  volume={25},
  pages={104344},
  year={2019},
  publisher={Elsevier}
}

@article{boehmke2018uc,
  title={UC business analytics R programming guide},
  author={Boehmke, B},
  journal={University of Cincinnati},
  year={2018}
}

@article{gower1971general,
  title={A general coefficient of similarity and some of its properties},
  author={Gower, John C},
  journal={Biometrics},
  pages={857--871},
  year={1971},
  publisher={JSTOR}
}

@article{reusova2018hierarchical,
  title={Hierarchical clustering on categorical data in R},
  author={Reusova, Anastasia},
  journal={Towards Data Science},
  volume={1},
  year={2018}
}

@article{bhat2014k,
  title={K-medoids clustering using partitioning around medoids for performing face recognition},
  author={Bhat, Aruna},
  journal={International Journal of Soft Computing, Mathematics and Control},
  volume={3},
  number={3},
  pages={1--12},
  year={2014},
  publisher={Citeseer}
}
